% References introduction (Chapter 1)

@article{darwin1859origin,
  title={On the origin of species},
  author={Darwinâ€™s, Charles},
  journal={published on},
  volume={24},
  year={1859}
}


@article{mendel1996experiments,
  title={Experiments in plant hybridization (1865)},
  author={Mendel, Gregor},
  journal={Verhandlungen des naturforschenden Vereins Br{\"u}nn) Available online},
  year={1996}
}

% References Chapter 2

@inproceedings{rao1948large,
  title={Large sample tests of statistical hypotheses concerning several parameters with applications to problems of estimation},
  author={Rao, C Radhakrishna},
  booktitle={Mathematical Proceedings of the Cambridge Philosophical Society},
  volume={44},
  number={1},
  pages={50--57},
  year={1948},
  organization={Cambridge University Press}
}

% References Chapter 3

@article{bray2016near,
  title={Near-optimal probabilistic RNA-seq quantification},
  author={Bray, Nicolas L and Pimentel, Harold and Melsted, P{\'a}ll and Pachter, Lior},
  journal={Nature biotechnology},
  volume={34},
  number={5},
  pages={525--527},
  year={2016},
  publisher={Nature Publishing Group}
}

@article{cuomo2020single,
  title={Single-cell RNA-sequencing of differentiating iPS cells reveals dynamic genetic effects on gene expression},
  author={Cuomo, Anna SE and Seaton, Daniel D and McCarthy, Davis J and Martinez, Iker and Bonder, Marc Jan and Garcia-Bernardo, Jose and Amatya, Shradha and Madrigal, Pedro and Isaacson, Abigail and Buettner, Florian and others},
  journal={Nature communications},
  volume={11},
  number={1},
  pages={1--14},
  year={2020},
  publisher={Nature Publishing Group}
}

@article{kang2018multiplexed,
  title={Multiplexed droplet single-cell RNA-sequencing using natural genetic variation},
  author={Kang, Hyun Min and Subramaniam, Meena and Targ, Sasha and Nguyen, Michelle and Maliskova, Lenka and McCarthy, Elizabeth and Wan, Eunice and Wong, Simon and Byrnes, Lauren and Lanata, Cristina M and others},
  journal={Nature biotechnology},
  volume={36},
  number={1},
  pages={89},
  year={2018},
  publisher={Nature Publishing Group}
}

@article{kilpinen2017common,
  title={Common genetic variation drives molecular heterogeneity in human iPSCs},
  author={Kilpinen, Helena and Goncalves, Angela and Leha, Andreas and Afzal, Vackar and Alasoo, Kaur and Ashford, Sofie and Bala, Sendu and Bensaddek, Dalila and Casale, Francesco Paolo and Culley, Oliver J and others},
  journal={Nature},
  volume={546},
  number={7658},
  pages={370--375},
  year={2017},
  publisher={Nature Publishing Group}
}

@article{mccarthy2017scater,
  title={Scater: pre-processing, quality control, normalization and visualization of single-cell RNA-seq data in R},
  author={McCarthy, Davis J and Campbell, Kieran R and Lun, Aaron TL and Wills, Quin F},
  journal={Bioinformatics},
  volume={33},
  number={8},
  pages={1179--1186},
  year={2017},
  publisher={Oxford University Press}
}

@article{mccarthy2020cardelino,
  title={Cardelino: computational integration of somatic clonal substructure and single-cell transcriptomes},
  author={McCarthy, Davis J and Rostom, Raghd and Huang, Yuanhua and Kunz, Daniel J and Danecek, Petr and Bonder, Marc Jan and Hagai, Tzachi and Lyu, Ruqian and Wang, Wenyi and Gaffney, Daniel J and others},
  journal={Nature Methods},
  volume={17},
  number={4},
  pages={414--421},
  year={2020},
  publisher={Nature Publishing Group}
}

@article{patro2017salmon,
  title={Salmon provides fast and bias-aware quantification of transcript expression},
  author={Patro, Rob and Duggal, Geet and Love, Michael I and Irizarry, Rafael A and Kingsford, Carl},
  journal={Nature methods},
  volume={14},
  number={4},
  pages={417},
  year={2017},
  publisher={Nature Publishing Group}
}

@article{van2018single,
  title={Single-cell RNA sequencing identifies celltype-specific cis-eQTLs and co-expression QTLs},
  author={van der Wijst, Monique GP and Brugge, Harm and de Vries, Dylan H and Deelen, Patrick and Swertz, Morris A and Franke, Lude},
  journal={Nature genetics},
  volume={50},
  number={4},
  pages={493--497},
  year={2018},
  publisher={Nature Publishing Group}
}

% References Chapter 5

@article{francesconi2014effects,
  title={The effects of genetic variation on gene expression dynamics during development},
  author={Francesconi, Mirko and Lehner, Ben},
  journal={Nature},
  volume={505},
  number={7482},
  pages={208--211},
  year={2014},
  publisher={Nature Publishing Group}
}
